@article{zhang2014sobolev,
  title={Sobolev seminorm of quadratic functions with applications to derivative-free optimization},
  author={Zhang, Zaikun},
  journal={Mathematical Programming},
  volume={146},
  number={1-2},
  pages={77--96},
  year={2014},
  publisher={Springer}
}

@article{powell2013beyond,
  title={Beyond symmetric Broyden for updating quadratic models in minimization without derivatives},
  author={Powell, MJD},
  journal={Mathematical Programming},
  volume={138},
  number={1-2},
  pages={475--500},
  year={2013},
  publisher={Springer}
}

@book{rockafellar1970convex,
  title={Convex analysis},
  author={Rockafellar, R Tyrrell},
  number={28},
  year={1970},
  publisher={Princeton university press}
}


@book{borwein2010convex,
  title={Convex analysis and nonlinear optimization: theory and examples},
  author={Borwein, Jonathan and Lewis, Adrian S},
  year={2000},
  %publisher={Springer Science \& Business Media}
  publisher={Springer, New York}
}

@article{barzilai1988two,
  title={Two-point step size gradient methods},
  author={Barzilai, Jonathan and Borwein, Jonathan M},
  journal={IMA journal of numerical analysis},
  volume={8},
  number={1},
  pages={141--148},
  year={1988},
  publisher={Oxford University Press}
}

@article{vandenberghe1996semidefinite,
  title={Semidefinite programming},
  author={Vandenberghe, Lieven and Boyd, Stephen},
  journal={SIAM review},
  volume={38},
  number={1},
  pages={49--95},
  year={1996},
  publisher={SIAM}
}